<?xml version="1.0" encoding="UTF-8"?><collection xmlns="http://www.loc.gov/MARC21/slim"><record><leader>00518nam--2200181-i-4500</leader><controlfield tag="001">000049204</controlfield><controlfield tag="002">20161230</controlfield><controlfield tag="005">20170128200718</controlfield><controlfield tag="008">060222s1000------------r-----000-0-eng-d</controlfield><datafield ind1=" " ind2=" " tag="020"><subfield code="a">997150202X</subfield></datafield><datafield ind1=" " ind2=" " tag="040"><subfield code="a">IFIN-HH</subfield></datafield><datafield ind1=" " ind2=" " tag="080"><subfield code="a">539.1</subfield></datafield><datafield ind1="1" ind2=" " tag="100"><subfield code="a">Terazawa, H</subfield></datafield><datafield ind1="1" ind2=" " tag="245"><subfield code="a">Particles and nuclei</subfield><subfield code="b">Essays in honor of the 60th birthday of professor Yoshio Yamaguchi</subfield><subfield code="c">Terazawa, H. (ed.)</subfield></datafield><datafield ind1=" " ind2=" " tag="260"><subfield code="a">Singapore</subfield><subfield code="b">World Scientific</subfield><subfield code="c">1986</subfield></datafield><datafield ind1=" " ind2=" " tag="300"><subfield code="a">XI+343 p</subfield></datafield><datafield ind1=" " ind2=" " tag="852"><subfield code="a">74677</subfield><subfield code="c">539.12</subfield></datafield><datafield ind1=" " ind2=" " tag="CAT"><subfield code="a">SYS</subfield><subfield code="c">20170128</subfield><subfield code="h">200718</subfield></datafield></record></collection>